
@incollection{krief_analysis_2020,
	address = {Cham},
	title = {Analysis and {Comparison} of {IEEE} 802.11p and {IEEE} 802.11bd},
	volume = {12574},
	isbn = {978-3-030-66030-7},
	url = {http://link.springer.com/10.1007/978-3-030-66030-7_5},
	language = {en},
	urldate = {2022-12-18},
	booktitle = {Communication {Technologies} for {Vehicles}},
	publisher = {Springer International Publishing},
	author = {Yacheur, Badreddine Yacine and Ahmed, Toufik and Mosbah, Mohamed},
	editor = {Krief, Francine and Aniss, Hasnaâ and Mendiboure, Léo and Chaumette, Serge and Berbineau, Marion},
	year = {2020},
	doi = {10.1007/978-3-030-66030-7_5},
	note = {Series Title: Lecture Notes in Computer Science},
	pages = {55--65},
	file = {Yacheur et al_2020_Analysis and Comparison of IEEE 802.pdf:/home/karlo/Zotero/storage/VIX7DQDF/Yacheur et al_2020_Analysis and Comparison of IEEE 802.pdf:application/pdf},
}

@inproceedings{jacob_system-level_2020,
	address = {Bali, Indonesia},
	title = {System-level {Performance} {Comparison} of {IEEE} 802.11p and 802.11bd {Draft} in {Highway} {Scenarios}},
	isbn = {978-1-72816-587-5},
	url = {https://ieeexplore.ieee.org/document/9239538/},
	doi = {10.1109/ICT49546.2020.9239538},
	language = {en},
	urldate = {2023-01-02},
	booktitle = {2020 27th {International} {Conference} on {Telecommunications} ({ICT})},
	publisher = {IEEE},
	author = {Jacob, Richard and Anwar, Waqar and Schwarzenberg, Nick and Franchi, Norman and Fettweis, Gerhard},
	month = oct,
	year = {2020},
	pages = {1--6},
	file = {Jacob et al_2020_System-level Performance Comparison of IEEE 802.pdf:/home/karlo/Zotero/storage/IP9DSDDX/Jacob et al_2020_System-level Performance Comparison of IEEE 802.pdf:application/pdf},
}

@article{naik_ieee_2019,
	title = {{IEEE} 802.11bd \& {5G} {NR} {V2X}: {Evolution} of {Radio} {Access} {Technologies} for {V2X} {Communications}},
	volume = {7},
	issn = {2169-3536},
	shorttitle = {{IEEE} 802.11bd \& {5G} {NR} {V2X}},
	doi = {10.1109/ACCESS.2019.2919489},
	journal = {IEEE Access},
	author = {Naik, Gaurang and Choudhury, Biplav and Park, Jung-Min},
	month = may,
	year = {2019},
	note = {Conference Name: IEEE Access},
	keywords = {3GPP, 5G mobile communication, C-V2X, Communication channels, DSRC, IEEE 802.11bd, NR V2X, Radio access technologies, Reliability, Vehicle-to-everything},
	pages = {70169--70184},
	file = {IEEE Xplore Abstract Record:/home/karlo/Zotero/storage/HAGK4C9C/stamp.html:text/html;Naik et al_2019_IEEE 802.pdf:/home/karlo/Zotero/storage/EBJG4GWA/Naik et al_2019_IEEE 802.pdf:application/pdf},
}

@article{triwinarko_phy_2021,
	title = {{PHY} layer enhancements for next generation {V2X} communication},
	volume = {32},
	issn = {2214-2096},
	url = {https://linkinghub.elsevier.com/retrieve/pii/S2214209621000541},
	doi = {10.1016/j.vehcom.2021.100385},
	language = {en},
	urldate = {2023-02-19},
	journal = {Vehicular Communications},
	author = {Triwinarko, Andy and Dayoub, Iyad and Cherkaoui, Soumaya},
	month = dec,
	year = {2021},
	pages = {100385},
	file = {Triwinarko et al. - 2021 - PHY layer enhancements for next generation V2X com.pdf:/home/karlo/Zotero/storage/R6JQ9LMF/Triwinarko et al. - 2021 - PHY layer enhancements for next generation V2X com.pdf:application/pdf},
}
