
@book{seifert_feldhacksler_1962,
	address = {Wolfratshausen bei München},
	series = {{KTL} - {Flugschrift} {Kuratorium} für {Technik} in der {Landwirtschaft}},
	title = {Der {Feldhäcksler} und was dazu gehört},
	volume = {10},
	language = {de},
	publisher = {Hellmut-Neureuter-Verlag},
	author = {Seifert, Herbert and Grimm, Klaus and Schurig, Manfred},
	year = {1962},
	note = {ISSN:  0452-8948},
}

@article{shkanaev_grain_2017,
	title = {Grain {Wagon} {Fill} {Detection} using {Camera} and {Deep} {Convolution} {Network}},
	volume = {12},
	issn = {0973-4562},
	language = {en},
	number = {21},
	journal = {International Journal of Applied Engineering Research},
	author = {Shkanaev, AleksandrYurievich and Panchenko, Aleksei Vladimirovich and Kodosov, Nikita Igorevich},
	year = {2017},
	pages = {11077--11081},
	file = {Shkanaev et al. - 2017 - Grain Wagon Fill Detection using Camera and Deep C.pdf:/home/karlo/Zotero/storage/RK4FKLZL/Shkanaev et al. - 2017 - Grain Wagon Fill Detection using Camera and Deep C.pdf:application/pdf},
}

@phdthesis{murcia_quadrotor_2014,
	title = {A quadrotor as remote sensor for on-line profile measurement during harvesting process},
	author = {Murcia, Harold},
	month = may,
	year = {2014},
	doi = {10.13140/RG.2.1.1842.3522},
	file = {Full Text PDF:/home/karlo/Zotero/storage/LCIFWRGW/Murcia - 2014 - A quadrotor as remote sensor for on-line profile m.pdf:application/pdf},
}

@article{stoll_guidance_2000,
	title = {Guidance of a {Forage} {Harvester} with {GPS}},
	volume = {2},
	issn = {1573-1618},
	url = {https://doi.org/10.1023/A:1011842907397},
	doi = {10.1023/A:1011842907397},
	language = {en},
	number = {3},
	urldate = {2023-04-03},
	journal = {Precision Agriculture},
	author = {Stoll, Albert and Dieter Kutzbach, Heinz},
	month = nov,
	year = {2000},
	keywords = {automatic steering, GPS, swath guidance},
	pages = {281--291},
	file = {Stoll_Dieter Kutzbach_2000_Guidance of a Forage Harvester with GPS.pdf:/home/karlo/Zotero/storage/SYRG53L6/Stoll_Dieter Kutzbach_2000_Guidance of a Forage Harvester with GPS.pdf:application/pdf},
}

@inproceedings{nedelcu_influence_2020,
	address = {Jelgava, Latvia},
	title = {Influence of forage harvester chopping equipment on characteristics of chips},
	url = {http://www.tf.llu.lv/conference/proceedings2020/Papers/TF330.pdf},
	doi = {10.22616/ERDev.2020.19.TF330},
	language = {en},
	urldate = {2023-04-03},
	booktitle = {Proceedings of 19th {International} {Scientific} {Conference} {Engineering} for {Rural} {Development}},
	author = {Nedelcu, Ancuta and Ciuperca, Radu and Zaica, Ana and Stefan, Vasilica},
	month = may,
	year = {2020},
	file = {Nedelcu et al. - 2020 - Influence of forage harvester chopping equipment o.pdf:/home/karlo/Zotero/storage/YLCTFLJZ/Nedelcu et al. - 2020 - Influence of forage harvester chopping equipment o.pdf:application/pdf},
}
