
@article{wu_dual_2018,
	title = {Dual {Carrier} {Modulation} in {Channel} {Aggregation} for 60 {GHz} {WLAN} {Systems}},
	volume = {7},
	issn = {2162-2345},
	doi = {10.1109/LWC.2018.2825434},
	number = {5},
	journal = {IEEE Wireless Communications Letters},
	author = {Wu, Tao and Chen, Teyan},
	month = oct,
	year = {2018},
	note = {Conference Name: IEEE Wireless Communications Letters},
	keywords = {Wireless communication, Wireless LAN, 60GHz, Binary phase shift keying, carrier aggregation, channel aggregation, DCM, Dual carrier modulation, Frequency-domain analysis, Peak to average power ratio, single carrier mode, Standards, WLAN},
	pages = {792--795},
	file = {IEEE Xplore Abstract Record:/home/karlo/Zotero/storage/7RYQUZXQ/8335814.html:text/html;Wu_Chen_2018_Dual Carrier Modulation in Channel Aggregation for 60 GHz WLAN Systems.pdf:/home/karlo/Zotero/storage/F5FMIMVV/Wu_Chen_2018_Dual Carrier Modulation in Channel Aggregation for 60 GHz WLAN Systems.pdf:application/pdf},
}

@inproceedings{ryu_ber_2010,
	title = {{BER} analysis of dual-carrier modulation ({DCM}) over {Rayleigh} fading channel},
	doi = {10.1109/ICUMT.2010.5676558},
	booktitle = {International {Congress} on {Ultra} {Modern} {Telecommunications} and {Control} {Systems}},
	author = {Ryu, Hyun-Seok and Lee, Jun-Seok and Kang, Chung G.},
	month = oct,
	year = {2010},
	note = {ISSN: 2157-023X},
	keywords = {\_tablet\_modified, OFDM, Fading, Bit error rate, Constellation diagram, Encoding, Upper bound},
	pages = {717--721},
	file = {IEEE Xplore Abstract Record:/home/karlo/Zotero/storage/F9UA3PFT/5676558.html:text/html;Ryu et al_2010_BER analysis of dual-carrier modulation (DCM) over Rayleigh fading channel.pdf:/home/karlo/Zotero/storage/KVCE8QB8/Ryu et al_2010_BER analysis of dual-carrier modulation (DCM) over Rayleigh fading channel.pdf:application/pdf},
}
