
@inproceedings{liu_coordinative_2016,
	address = {Yogyakarta, Indonesia},
	title = {Coordinative simulation with {SUMO} and {NS3} for {Vehicular} {Ad} {Hoc} {Networks}},
	isbn = {978-1-5090-0676-2},
	doi = {10.1109/APCC.2016.7581471},
	booktitle = {2016 22nd {Asia}-{Pacific} {Conference} on {Communications} ({APCC})},
	publisher = {IEEE},
	author = {Liu, Weiwei and Wang, Xichen and Zhang, Wenli and Yang, Lin and Peng, Chao},
	month = aug,
	year = {2016},
	keywords = {Feedback loop, Network Simulation, NS3, Roads, Routing protocols, SUMO, VANET, Vehicles, Vehicular ad hoc networks, Wireless communication},
	pages = {337--341},
	file = {IEEE Xplore Abstract Record:/home/karlo/Zotero/storage/WQJ2P3V3/7581471.html:text/html;Liu et al_2016_Coordinative simulation with SUMO and NS3 for Vehicular Ad Hoc Networks.pdf:/home/karlo/Zotero/storage/WW24X9UP/Liu et al_2016_Coordinative simulation with SUMO and NS3 for Vehicular Ad Hoc Networks.pdf:application/pdf},
}

@article{campanile_computer_2020,
	title = {Computer {Network} {Simulation} with ns-3: {A} {Systematic} {Literature} {Review}},
	volume = {9},
	copyright = {http://creativecommons.org/licenses/by/3.0/},
	issn = {2079-9292},
	shorttitle = {Computer {Network} {Simulation} with ns-3},
	url = {https://www.mdpi.com/2079-9292/9/2/272},
	doi = {10.3390/electronics9020272},
	language = {en},
	number = {2},
	urldate = {2022-12-08},
	journal = {Electronics},
	author = {Campanile, Lelio and Gribaudo, Marco and Iacono, Mauro and Marulli, Fiammetta and Mastroianni, Michele},
	month = feb,
	year = {2020},
	note = {Publisher: Multidisciplinary Digital Publishing Institute},
	keywords = {computer networks, network performance, ns-3, simulation, systematic literature review, wireless sensor networks},
	pages = {272},
	file = {Campanile et al_2020_Computer Network Simulation with ns-3.pdf:/home/karlo/Zotero/storage/6K6TH98F/Campanile et al_2020_Computer Network Simulation with ns-3.pdf:application/pdf;Snapshot:/home/karlo/Zotero/storage/KIV2NL64/272.html:text/html},
}

@inproceedings{black_netsimulyzer_2021,
	address = {Virtual Event USA},
	title = {{NetSimulyzer}: a {3D} network simulation analyzer for ns-3},
	isbn = {978-1-4503-9034-7},
	shorttitle = {{NetSimulyzer}},
	url = {https://dl.acm.org/doi/10.1145/3460797.3460806},
	doi = {10.1145/3460797.3460806},
	language = {en},
	urldate = {2022-12-08},
	booktitle = {Proceedings of the {Workshop} on ns-3},
	publisher = {ACM},
	author = {Black, Evan and Gamboa, Samantha and Rouil, Richard},
	month = jun,
	year = {2021},
	pages = {65--72},
	file = {Black et al_2021_NetSimulyzer.pdf:/home/karlo/Zotero/storage/UXMDALDE/Black et al_2021_NetSimulyzer.pdf:application/pdf},
}

@misc{henderson_ns-3-dev_2023,
	title = {ns-3-dev},
	copyright = {Open Source},
	url = {https://gitlab.com/nsnam/ns-3-dev/-/tree/ns-3.37},
	abstract = {ns-3 development repository},
	urldate = {2022-12-18},
	publisher = {Open Source},
	author = {Henderson, Tom},
	month = mar,
	year = {2023},
	note = {Software Gitrepository ns-3-dev, version 3.37},
	file = {ns-3-tutorial.pdf:/home/karlo/Zotero/storage/RZSNBDBQ/ns-3-tutorial.pdf:application/pdf;Snapshot:/home/karlo/Zotero/storage/VSSVST77/ns-3.html:text/html},
}

@inproceedings{kumar_simulators_2012,
	address = {Phagwara, India},
	title = {Simulators for {Wireless} {Networks}: {A} {Comparative} {Study}},
	isbn = {978-1-4673-2647-6},
	shorttitle = {Simulators for {Wireless} {Networks}},
	doi = {10.1109/ICCS.2012.65},
	booktitle = {2012 {International} {Conference} on {Computing} {Sciences}},
	publisher = {IEEE},
	author = {Kumar, Amit and Kaushik, Sunil Kumar and Sharma, Rakesh and Raj, Pushkar},
	month = sep,
	year = {2012},
	keywords = {Protocols, BCNIS, Biological system modeling, Computational modeling, Educational institutions, GlomoSim, Graphical user interfaces, J-Sim, JTRS, NS-2, Object oriented modeling, OMNett++, Opnet Modeler, Parsec, Qualnet, Stratcom Cyber, Wireless networks},
	pages = {338--342},
	file = {IEEE Xplore Abstract Record:/home/karlo/Zotero/storage/69P8M2HR/stamp.html:text/html;Kumar et al_2012_Simulators for Wireless Networks.pdf:/home/karlo/Zotero/storage/MRQU6Y69/Kumar et al_2012_Simulators for Wireless Networks.pdf:application/pdf},
}

@inproceedings{klimiashvili_lora_2020,
	address = {Big Island, USA},
	title = {{LoRa} vs. {WiFi} {Ad} {Hoc}: {A} {Performance} {Analysis} and {Comparison}},
	isbn = {978-1-72814-905-9},
	shorttitle = {{LoRa} vs. {WiFi} {Ad} {Hoc}},
	doi = {10.1109/ICNC47757.2020.9049724},
	booktitle = {2020 {International} {Conference} on {Computing}, {Networking} and {Communications} ({ICNC})},
	publisher = {IEEE},
	author = {Klimiashvili, George and Tapparello, Cristiano and Heinzelman, Wendi},
	month = feb,
	year = {2020},
	note = {ISSN: 2325-2626},
	keywords = {Protocols, Wireless networks, Energy consumption, Adaptation models, Mathematical models, Performance evaluation, Simulation},
	pages = {654--660},
	file = {IEEE Xplore Abstract Record:/home/karlo/Zotero/storage/32KWE544/stamp.html:text/html;Klimiashvili et al_2020_LoRa vs.pdf:/home/karlo/Zotero/storage/MPMBH4I8/Klimiashvili et al_2020_LoRa vs.pdf:application/pdf},
}

@article{keller_simulation_2021,
	title = {Simulation of {WiFi} {Mesh} {Networks} with {Mobile} {Nodes}},
	url = {https://www.net.in.tum.de/fileadmin/TUM/NET/NET-2022-01-1/NET-2022-01-1_01.pdf},
	doi = {10.2313/NET-2022-01-1_01},
	language = {en},
	urldate = {2023-02-24},
	journal = {Network Architectures and Services Seminar IITM SS 21},
	author = {Keller, Sebastian and Andre, Jonas and Wiedner, Florian},
	month = nov,
	year = {2021},
	note = {Publisher: Chair of Network Architectures and Services, Department of Computer Science, Technical University of Munich},
	pages = {4},
	file = {Keller - 2021 - Simulation of WiFi Networks on Hardware.pdf:/home/karlo/Zotero/storage/BNJ7GRUC/Keller - 2021 - Simulation of WiFi Networks on Hardware.pdf:application/pdf},
}

@inproceedings{dolinska_new_2019,
	address = {Zilina, Slovakia},
	title = {New {IEEE} 802.11 {HEW} {Standard} {Throughput} per {User} {Analysis}},
	isbn = {978-1-72811-401-9},
	doi = {10.1109/DT.2019.8813700},
	booktitle = {2019 {International} {Conference} on {Information} and {Digital} {Technologies} ({IDT})},
	publisher = {IEEE},
	author = {Dolińska, Iwona and Jakubowski, Mariusz and Masiukiewicz, Antoni},
	month = jun,
	year = {2019},
	note = {ISSN: 2575-677X},
	keywords = {throughput, HEW, IEEE 802.11n/ac/ax standards},
	pages = {118--123},
	file = {Dolińska et al_2019_New IEEE 802.pdf:/home/karlo/Zotero/storage/2A696YVQ/Dolińska et al_2019_New IEEE 802.pdf:application/pdf;IEEE Xplore Abstract Record:/home/karlo/Zotero/storage/BDTXRQLV/stamp.html:text/html},
}

@inproceedings{behara_performance_2022,
	address = {Paris, France},
	title = {Performance {Study} of {High}-{Efficiency} {IEEE} 802.11ax {WLAN} {Standard} {Using} {NS}-3 {Simulator}},
	isbn = {978-1-66546-129-0},
	doi = {10.1109/CAMAD55695.2022.9966905},
	booktitle = {2022 {IEEE} 27th {International} {Workshop} on {Computer} {Aided} {Modeling} and {Design} of {Communication} {Links} and {Networks} ({CAMAD})},
	publisher = {IEEE},
	author = {Behara, Aparna and Venkatesh, T.G.},
	month = nov,
	year = {2022},
	note = {ISSN: 2378-4873},
	keywords = {Interference, Measurement, Bandwidth, IEEE 802.11ax Standard, Throughput, Wireless LAN, 802.11ax Wireless Local Area network (WLAN), Basic Service Set (BSS) Color, Modulation, Network simulator},
	pages = {226--231},
	file = {Behara_Venkatesh_2022_Performance Study of High-Efficiency IEEE 802.pdf:/home/karlo/Zotero/storage/A8NVGZS6/Behara_Venkatesh_2022_Performance Study of High-Efficiency IEEE 802.pdf:application/pdf;IEEE Xplore Abstract Record:/home/karlo/Zotero/storage/BK4VTYM9/stamp.html:text/html},
}
