
@article{perahia_gigabit_2011,
	title = {Gigabit {Wireless} {LANs}: {An} {Overview} of {IEEE} 802.11ac and 802.11ad},
	volume = {15},
	issn = {1559-1662},
	doi = {10.1145/2073290.2073294},
	number = {3},
	journal = {ACM SIGMOBILE Mobile Computing and Communications Review.},
	author = {Perahia, Eldad and Gong, Michelle X.},
	month = nov,
	year = {2011},
	note = {Place: New York, NY, USA
Publisher: Association for Computing Machinery},
	pages = {23--33},
}

@inproceedings{xia_wira_2022,
	address = {London, United Kingdom},
	title = {{WiRa}: {Enabling} {Cross}-{Technology} {Communication} from {WiFi} to {LoRa} with {IEEE} 802.11ax},
	isbn = {978-1-66545-822-1},
	shorttitle = {{WiRa}},
	url = {https://ieeexplore.ieee.org/document/9796831/},
	doi = {10.1109/INFOCOM48880.2022.9796831},
	language = {en},
	urldate = {2023-01-11},
	booktitle = {{IEEE} {INFOCOM} 2022 - {IEEE} {Conference} on {Computer} {Communications}},
	publisher = {IEEE},
	author = {Xia, Dan and Zheng, Xiaolong and Yu, Fu and Liu, Liang and Ma, Huadong},
	month = may,
	year = {2022},
	pages = {430--439},
	file = {Xia et al_2022_WiRa.pdf:/home/karlo/Zotero/storage/QHZS32V8/Xia et al_2022_WiRa.pdf:application/pdf},
}

@inproceedings{syafei_performance_2009,
	title = {Performance {Evaluation} and {ASIC} {Design} of {LDPC} {Decoder} for {IEEE802}.11n},
	doi = {10.1109/CCNC.2009.4784735},
	booktitle = {2009 6th {IEEE} {Consumer} {Communications} and {Networking} {Conference}},
	author = {Syafei, W. A. and Yohena, R. and Shimajiri, H. and Yoshida, T. and Kurosaki, M. and Nagao, Y. and Sai, B. and Ochi, H.},
	month = jan,
	year = {2009},
	note = {ISSN: 2331-9860},
	keywords = {Parity check codes, Application specific integrated circuits, Circuit simulation, CMOS logic circuits, CMOS technology, Convolutional codes, Decoding, Integrated circuit synthesis, Integrated circuit technology, Libraries},
	pages = {1--5},
	file = {IEEE Xplore Abstract Record:/home/karlo/Zotero/storage/LGC6V7YG/stamp.html:text/html;Syafei et al_2009_Performance Evaluation and ASIC Design of LDPC Decoder for IEEE802.pdf:/home/karlo/Zotero/storage/LS97XEKB/Syafei et al_2009_Performance Evaluation and ASIC Design of LDPC Decoder for IEEE802.pdf:application/pdf},
}

@inproceedings{seoane_analysis_1997,
	title = {Analysis of intertone and interblock interference in {OFDM} when the length of the cyclic prefix is shorter than the length of the impulse response of the channel},
	volume = {1},
	doi = {10.1109/GLOCOM.1997.632507},
	booktitle = {{GLOBECOM} 97. {IEEE} {Global} {Telecommunications} {Conference}. {Conference} {Record}},
	author = {Seoane, J.L. and Wilson, S.K. and Gelfand, S.},
	month = nov,
	year = {1997},
	keywords = {Interference, Delay, Multipath channels, Bit error rate, AWGN, 3G mobile communication, Costs, Narrowband, OFDM modulation, Power system modeling},
	pages = {32--36 vol.1},
	file = {IEEE Xplore Abstract Record:/home/karlo/Zotero/storage/F5JBSJB8/632507.html:text/html;Seoane et al_1997_Analysis of intertone and interblock interference in OFDM when the length of.pdf:/home/karlo/Zotero/storage/S35LMDGE/Seoane et al_1997_Analysis of intertone and interblock interference in OFDM when the length of.pdf:application/pdf},
}

@inproceedings{dixit_performance_2015,
	title = {Performance of {OFDM} in {Time} {Selective} {Multipath} {Fading} {Channel} in {4G} {Systems}},
	doi = {10.1109/CSNT.2015.107},
	booktitle = {2015 {Fifth} {International} {Conference} on {Communication} {Systems} and {Network} {Technologies}},
	author = {Dixit, Saurabh and Katiyar, Himanshu},
	month = apr,
	year = {2015},
	keywords = {Wireless communication, OFDM, Mobile communication, Fading, MIMO, Receivers, Doppler effect, ICI, ISI, LTE, Time-frequency analysis},
	pages = {421--424},
	file = {Dixit_Katiyar_2015_Performance of OFDM in Time Selective Multipath Fading Channel in 4G Systems.pdf:/home/karlo/Zotero/storage/U52R7GPM/Dixit_Katiyar_2015_Performance of OFDM in Time Selective Multipath Fading Channel in 4G Systems.pdf:application/pdf;IEEE Xplore Abstract Record:/home/karlo/Zotero/storage/222MDPRM/7279953.html:text/html},
}

@inproceedings{paul_characterizing_2011,
	title = {Characterizing {WiFi} link performance in open outdoor networks},
	doi = {10.1109/SAHCN.2011.5984905},
	booktitle = {2011 8th {Annual} {IEEE} {Communications} {Society} {Conference} on {Sensor}, {Mesh} and {Ad} {Hoc} {Communications} and {Networks}},
	author = {Paul, Utpal and Crepaldi, Riccardo and Lee, Jeongkeun and Lee, Sung-Ju and Etkin, Raul},
	month = jun,
	year = {2011},
	note = {ISSN: 2155-5494},
	keywords = {Wireless communication, Throughput, Antenna measurements, Antennas, IEEE 802.11n Standard, MIMO},
	pages = {251--259},
	file = {IEEE Xplore Abstract Record:/home/karlo/Zotero/storage/BYL875EU/stamp.html:text/html;Paul et al_2011_Characterizing WiFi link performance in open outdoor networks.pdf:/home/karlo/Zotero/storage/7GJQ6IGF/Paul et al_2011_Characterizing WiFi link performance in open outdoor networks.pdf:application/pdf},
}

@inproceedings{dou_energy-efficient_2011,
	title = {Energy-efficient rate adaptation for outdoor long distance {WiFi} links},
	doi = {10.1109/INFCOMW.2011.5928822},
	booktitle = {2011 {IEEE} {Conference} on {Computer} {Communications} {Workshops} ({INFOCOM} {WKSHPS})},
	author = {Dou, Zhibin and Zhao, Zenghua and Jin, Quan and Zhang, Lianfang and Shu, Yantai and Yang, Oliver},
	month = apr,
	year = {2011},
	keywords = {Interference, Throughput, Fading, \_tablet, Receivers, Bit rate, Energy consumption, Energy Efficiency, IEEE 802.11 Standards, Long distance, Mesh networks, Rate adaptation},
	pages = {271--276},
	file = {Dou et al_2011_Energy-efficient rate adaptation for outdoor long distance WiFi links.pdf:/home/karlo/Zotero/storage/LMFGML6L/Dou et al_2011_Energy-efficient rate adaptation for outdoor long distance WiFi links.pdf:application/pdf;IEEE Xplore Abstract Record:/home/karlo/Zotero/storage/RSA45U6Z/stamp.html:text/html},
}

@inproceedings{rademacher_quantifying_2018,
	title = {Quantifying the spectrum occupancy in an outdoor 5 {GHz} {WiFi} network with directional antennas},
	doi = {10.1109/WCNC.2018.8377013},
	booktitle = {2018 {IEEE} {Wireless} {Communications} and {Networking} {Conference} ({WCNC})},
	author = {Rademacher, Michael and Jonas, Karl and Kretschmer, Mathias},
	month = apr,
	year = {2018},
	note = {ISSN: 1558-2612},
	keywords = {Wireless fidelity, Antenna measurements, \_tablet, cognitive radio, Conferences, Heating systems, IEEE 802.11, LAA, LTE-U, Poles and towers, Sensors, Spectrum occupancy, spectrum sensing, U-NII band, Urban areas},
	pages = {1--6},
	file = {IEEE Xplore Abstract Record:/home/karlo/Zotero/storage/DE5Y4WJ8/8377013.html:text/html;Rademacher et al_2018_Quantifying the spectrum occupancy in an outdoor 5 GHz WiFi network with.pdf:/home/karlo/Zotero/storage/UIW2XFBE/Rademacher et al_2018_Quantifying the spectrum occupancy in an outdoor 5 GHz WiFi network with.pdf:application/pdf},
}
