@article{berry2011apparent,
	author = {Berry, M. V. and Brunner, N. and Popescu, S. and Shukla, P.},
	title = {{Can apparent superluminal neutrino speeds be explained as a quantum weak measurement?}},
	abstract = {Probably not.},
	doi = {10.1088/1751-8113/44/49/492001},
	journal = {IOP Journal of Physics A: Mathematical and Theoretical},
	month = Nov,
	number = {49},
	publisher = {IOP},
	volume = {44},
	year = {2011},
}

@inproceedings{hardes2019communication,
	author = {Hardes, Tobias and Sommer, Christoph},
	title = {{Towards Heterogeneous Communication Strategies for Urban Platooning at Intersections}},
	booktitle = {11th IEEE Vehicular Networking Conference (VNC 2019)},
	address = {Los Angeles, CA},
	doi = {10.1109/VNC48660.2019.9062835},
	month = Dec,
	publisher = {IEEE},
	year = {2019},
}

@article{knuth1984complexity,
	author = {Knuth, Donald E.},
	title = {{The Complexity of Songs}},
	doi = {10.1145/358027.358042},
	journal = {Communications of the ACM},
	month = Apr,
	number = {4},
	publisher = {ACM},
	volume = {27},
	year = {1984},
}

@article{sommer2011bidirectionally,
	author = {Sommer, Christoph and German, Reinhard and Dressler, Falko},
	title = {{Bidirectionally Coupled Network and Road Traffic Simulation for Improved IVC Analysis}},
	doi = {10.1109/TMC.2010.133},
	journal = {IEEE Transactions on Mobile Computing (TMC)},
	month = Jan,
	number = {1},
	publisher = {IEEE},
	volume = {10},
	year = {2011},
}

@article{upper1974unsuccessful,
	author = {Upper, Dennis},
	title = {{The Unsuccessful Self-Treatment of a Case of Writer's Block}},
	doi = {10.1901/jaba.1974.7-497a},
	journal = {Blackwell Journal of Applied Behavior Analysis},
	number = {3},
	publisher = {Blackwell},
	volume = {7},
	year = {1974},
}

