
@phdthesis{hartman_inter-symbol_2016,
	address = {Enschede, Netherlands},
	type = {Bachelor {Thesis}},
	title = {Inter-{Symbol} {Interference} {Prevention} techniques for {Noise}-based {Frequency} {Offset} {Transmit}-reference {Systems}},
	url = {https://essay.utwente.nl/71250/1/Hartman_BA_TE.pdf},
	urldate = {2022-12-13},
	school = {University of Twente},
	author = {Hartman, Tom},
	month = jun,
	year = {2016},
	file = {Hartman_2016_Inter-Symbol Interference Prevention techniques for Noise-based Frequency.pdf:/home/karlo/Zotero/storage/9ARZUYQ6/Hartman_2016_Inter-Symbol Interference Prevention techniques for Noise-based Frequency.pdf:application/pdf},
}

@inproceedings{pulimamidi_development_2007,
	address = {Chicago, USA},
	title = {Development of a new {OFDM} transceiver without guard interval},
	isbn = {978-1-4244-0940-2},
	doi = {10.1109/EIT.2007.4374539},
	booktitle = {2007 {IEEE} {International} {Conference} on {Electro}/{Information} {Technology}},
	publisher = {IEEE},
	author = {Pulimamidi, N. and Nulu, J. and Tahernezhadi, M. Mansour},
	month = may,
	year = {2007},
	note = {ISSN: 2154-0373},
	keywords = {Bandwidth, OFDM, carrier frequency offset estimation, channel estimation, Channel estimation, Convolution, Fading, Frequency estimation, Frequency synchronization, guard interval, IEEE 802.11a Standard, Inter Carrier Interference (ICI), Inter Symbol Interference (ISI), Intersymbol interference, Orthogonal Frequency Division Multiplexing (OFDM), symbol detection, Telecommunication standards, Transceivers},
	pages = {300--305},
	file = {IEEE Xplore Abstract Record:/home/karlo/Zotero/storage/T3S9ASFC/stamp.html:text/html;Pulimamidi et al_2007_Development of a new OFDM transceiver without guard interval.pdf:/home/karlo/Zotero/storage/YVRV9QB6/Pulimamidi et al_2007_Development of a new OFDM transceiver without guard interval.pdf:application/pdf},
}

@article{ravindranath_performance_2016,
	title = {Performance {Evaluation} of {IEEE} 802.11ac and 802.11n using {NS3}},
	volume = {9},
	issn = {0974-5645, 0974-6846},
	url = {https://indjst.org/articles/performance-evaluation-of-ieee-80211ac-and-80211n-using-ns3},
	doi = {10.17485/ijst/2016/v9i26/93565},
	number = {26},
	urldate = {2023-01-14},
	journal = {Indian Journal of Science and Technology},
	author = {Ravindranath, N. S. and Singh, Inder and Prasad, Ajay and Rao, V. S.},
	month = jul,
	year = {2016},
	pages = {9},
	file = {Ravindranath et al_2016_Performance Evaluation of IEEE 802.pdf:/home/karlo/Zotero/storage/HCHG3CZ5/Ravindranath et al_2016_Performance Evaluation of IEEE 802.pdf:application/pdf},
}

@article{garcia_intercarrier_2009,
	title = {Intercarrier {Interference} in {OFDM}: {A} {General} {Model} for {Transmissions} in {Mobile} {Environments} with {Imperfect} {Synchronization}},
	volume = {2009},
	copyright = {2009 M. García and C. Oberli.},
	issn = {1687-1499},
	shorttitle = {Intercarrier {Interference} in {OFDM}},
	url = {https://jwcn-eurasipjournals.springeropen.com/articles/10.1155/2009/786040},
	doi = {10.1155/2009/786040},

	number = {1},
	urldate = {2023-01-16},
	journal = {EURASIP Journal on Wireless Communications and Networking},
	author = {García, Martín and Oberli, Christian},
	month = nov,
	year = {2009},
	note = {Number: 1
Publisher: SpringerOpen},
	pages = {1--11},
	file = {García_Oberli_2009_Intercarrier Interference in OFDM.pdf:/home/karlo/Zotero/storage/WH5MITVH/García_Oberli_2009_Intercarrier Interference in OFDM.pdf:application/pdf},
}

@inproceedings{van_duc_nguyen_intercarrier_2002,
	address = {Lisbon, Portugal},
	title = {Intercarrier and intersymbol interference analysis of {OFDM} systems on time-invariant channels},
	volume = {4},
	isbn = {978-0-7803-7589-5},
	url = {http://ieeexplore.ieee.org/document/1045425/},
	doi = {10.1109/PIMRC.2002.1045425},
	urldate = {2023-01-16},
	booktitle = {13th IEEE International Symposium on Personal, Indoor and Mobile Radio Communications},
	publisher = {IEEE},
	author = {{Van Duc Nguyen} and Kuchenbecker, H.-P.},
	year = {2002},
	month = {09},
	pages = {1482--1487},
}

@inproceedings{masek_implementation_2019,
	address = {Dublin, Ireland},
	title = {Implementation of {3GPP} {LTE} {Cat}-{M1} {Technology} in {NS}-3: {System} {Simulation} and {Performance}},
	isbn = {978-1-72815-764-1},
	shorttitle = {Implementation of {3GPP} {LTE} {Cat}-{M1} {Technology} in {NS}-3},
	url = {https://ieeexplore.ieee.org/document/8970869/},
	doi = {10.1109/ICUMT48472.2019.8970869},

	urldate = {2023-01-16},
	booktitle = {2019 11th {International} {Congress} on {Ultra} {Modern} {Telecommunications} and {Control} {Systems} and {Workshops} ({ICUMT})},
	publisher = {IEEE},
	author = {Masek, Pavel and Stusek, Martin and Zeman, Krystof and Drapela, Roman and Ometov, Aleksandr and Hosek, Jiri},
	month = oct,
	year = {2019},
	pages = {1--7},
	file = {Masek et al_2019_Implementation of 3GPP LTE Cat-M1 Technology in NS-3.pdf:/home/karlo/Zotero/storage/3LHKEBEZ/Masek et al_2019_Implementation of 3GPP LTE Cat-M1 Technology in NS-3.pdf:application/pdf},
}

@article{patil_ieee_2020,
	title = {{IEEE} 802.11n: {Joint} modulation-coding and guard interval adaptation scheme for throughput enhancement},
	volume = {33},
	issn = {1099-1131},
	shorttitle = {{IEEE} 802.11n},
	url = {https://onlinelibrary.wiley.com/doi/abs/10.1002/dac.4347},
	doi = {10.1002/dac.4347},
	number = {8},
	urldate = {2023-02-20},
	journal = {International Journal of Communication Systems},
	author = {Patil, Pravinkumar and Patil, Meenakshi and Itraj, Santosh and Bombale, Uttam},
	month = feb,
	year = {2020},
	file = {Patil et al_2020_IEEE 802.pdf:/home/karlo/Zotero/storage/DJZF5FHI/Patil et al_2020_IEEE 802.pdf:application/pdf;Snapshot:/home/karlo/Zotero/storage/GJ6UFJ37/dac.html:text/html},
}

@inproceedings{landau_ofdm_2007,
	address = {Honolulu, USA},
	title = {{OFDM} {Guard} {Interval}: {Analysis} and {Observations}},
	volume = {3},
	isbn = {1-4244-0727-3},
	shorttitle = {{OFDM} {Guard} {Interval}},
	doi = {10.1109/ICASSP.2007.366480},
	booktitle = {2007 {IEEE} {International} {Conference} on {Acoustics}, {Speech} and {Signal} {Processing} - {ICASSP} '07},
	publisher = {IEEE},
	author = {Landau, Ori and Weiss, Anthony J.},
	month = apr,
	year = {2007},
	note = {ISSN: 2379-190X},
	keywords = {Throughput, OFDM, Intersymbol interference, Costs, OFDM modulation, ISI, Additive noise, Digital communication, Digital modulation, Equalizers, Gaussian noise, ICIC, MFB, Per tone equalization, Transmitters},
	pages = {93--96},
	file = {IEEE Xplore Abstract Record:/home/karlo/Zotero/storage/BCRZ5P6T/4217654.html:text/html;Landau_Weiss_2007_OFDM Guard Interval.pdf:/home/karlo/Zotero/storage/B89AEHNN/Landau_Weiss_2007_OFDM Guard Interval.pdf:application/pdf},
}

@inproceedings{karmakar_s2-gi_2020,
	address = {Kharagpur, India},
	title = {S2-{GI}: {Intelligent} {Selection} of {Guard} {Interval} in {High} {Throughput} {WLANs}},
	isbn = {978-1-72816-851-7},
	shorttitle = {S2-{GI}},
	doi = {10.1109/ICCCNT49239.2020.9225322},
	booktitle = {2020 11th {International} {Conference} on {Computing}, {Communication} and {Networking} {Technologies} ({ICCCNT})},
	publisher = {IEEE},
	author = {Karmakar, Raja and De, Soumalya and Ghosh, Arindam and Adhikari, Tinku and Jain, Punit},
	month = jul,
	year = {2020},
	keywords = {Interference, Throughput, Wireless LAN, Signal to noise ratio, Standards, Data communication, Guard interval, IEEE 802.11ac, Probability distribution, Thompson sampling},
	pages = {7},
	file = {IEEE Xplore Abstract Record:/home/karlo/Zotero/storage/M5QE4RJX/9225322.html:text/html;Karmakar et al_2020_S2-GI.pdf:/home/karlo/Zotero/storage/A4TZDGL8/Karmakar et al_2020_S2-GI.pdf:application/pdf},
}
