
@article{stamoulis_impact_2003,
	title = {Impact of space-time block codes on 802.11 network throughput},
	volume = {2},
	issn = {1536-1276},
	doi = {10.1109/TWC.2003.816798},
	number = {5},
	urldate = {2023-01-15},
	journal = {IEEE Transactions on Wireless Communications},
	author = {Stamoulis, A. and Al-Dhahir, N.},
	month = sep,
	year = {2003},
	pages = {1029--1039},
}

@article{santumon_space-time_2012,
	title = {Space-{Time} {Block} {Coding} ({STBC}) for {Wireless} {Networks}},
	volume = {3},
	issn = {22293957},
	url = {http://www.airccse.org/journal/ijdps/papers/0712ijdps19.pdf},
	doi = {10.5121/ijdps.2012.3419},
	number = {4},
	urldate = {2023-01-18},
	journal = {International Journal of Distributed and Parallel systems (IJDPS)},
	author = {Santumon, S.D and Sujatha, B.R},
	month = jul,
	year = {2012},
	pages = {183--195},
}

@article{abbas_efficient_2016,
	title = {{EFFICIENT} {STBC} {FOR} {THE} {DATA} {RATE} {OF} {MIMO}-{OFDMA}},
	volume = {28},
	issn = {1013-5316},
	note = {ISSN: 1013-5316},
	journal = {Science International (LAHORE)},
	author = {Abbas, Waseem and Abbas, Nasim and Majeed, Uzma and Khan, Sadaf},
	month = jan,
	year = {2016},
	pages = {247--255},
}

@article{tarokh_space-time_1999,
	title = {Space-time block codes from orthogonal designs},
	volume = {45},
	issn = {1557-9654},
	doi = {10.1109/18.771146},
	number = {5},
	journal = {IEEE Transactions on Information Theory},
	author = {Tarokh, V. and Jafarkhani, H. and Calderbank, A.R.},
	month = jul,
	year = {1999},
	pages = {1456--1467},
	file = {Tarokh et al_1999_Space-time block codes from orthogonal designs.pdf:/home/karlo/Zotero/storage/R8DNV4PJ/Tarokh et al_1999_Space-time block codes from orthogonal designs.pdf:application/pdf},
}

@inproceedings{ghosh_error_2014,
	location = {Calcutta, India},
	title = {Error analysis of multiple rate space-time-block-code ({STBC}) for {MIMO} networks},
	isbn = {978-1-4799-2044-0},
	doi = {10.1109/CIEC.2014.6959179},
	booktitle = {2014 {International} {Conference} on {Control}, {Instrumentation}, {Energy} and {Communication} ({CIEC})},
	publisher = {IEEE},
	author = {Ghosh, P. K. and {Manju} and Gupta, Kapil and Dey, Bidisha},
	month = jan,
	year = {2014},
	pages = {691--695},
}

@book{gast_80211ac_2013,
	address = {Beijing KÃ¶ln},
	edition = {1. ed},
	title = {802.11ac: a survival guide: {Wi}-{Fi} at gigabit and beyond},
	isbn = {978-1-4493-4314-9},
	shorttitle = {802.11ac},

	publisher = {O'Reilly Media, Inc.},
	author = {Gast, Matthew S.},
	month = aug,
	year = {2013},
	file = {Gast_2013_802.pdf:/home/karlo/Zotero/storage/3MF7BF35/Gast_2013_802.pdf:application/pdf},
}

@book{gast_80211n_2012,
	title = {802.11n: {A} {Survival} {Guide}},
	isbn = {978-1-4493-3549-6},
	shorttitle = {802.11n},
	url = {https://learning.oreilly.com/library/view/802-11n-a-survival/9781449335472/},

	urldate = {2023-03-04},
	publisher = {O'Reilly Media, Inc.},
	author = {Gast, Matthew S.},
	month = apr,
	year = {2012},
	note = {ISBN: 978-1-4493-3549-6},
	file = {Snapshot:/home/karlo/Zotero/storage/PX82UWTG/9781449335472.html:text/html},
}

@article{tarokh_space-time_1999-1,
	title = {Space-time block coding for wireless communications: performance results},
	volume = {17},
	issn = {1558-0008},
	shorttitle = {Space-time block coding for wireless communications},
	doi = {10.1109/49.753730},

	number = {3},
	journal = {IEEE Journal on Selected Areas in Communications},
	author = {Tarokh, V. and Jafarkhani, H. and Calderbank, A.R.},
	month = mar,
	year = {1999},
	keywords = {Wireless communication, Bandwidth, Multipath channels, Fading, Block codes, Transmitting antennas, Maximum likelihood decoding, Antennas and propagation, Maximum likelihood detection, Receiving antennas},
	pages = {451--460},
	file = {IEEE Xplore Abstract Record:/home/karlo/Zotero/storage/4SXUENBX/stamp.html:text/html;Tarokh et al_1999_Space-time block coding for wireless communications.pdf:/home/karlo/Zotero/storage/ER2Z4NQA/Tarokh et al_1999_Space-time block coding for wireless communications.pdf:application/pdf},
}

@article{zhang_capacity_2005,
	title = {Capacity and error probability analysis for orthogonal space-time block codes over fading channels},
	volume = {4},
	issn = {1558-2248},
	doi = {10.1109/TWC.2005.844149},
	number = {2},
	journal = {IEEE Transactions on Wireless Communications},
	author = {Zhang, Hao and Gulliver, T.A.},
	month = mar,
	year = {2005},
	pages = {808--819},
}
