
@article{iglesias_enabling_2014,
	title = {Enabling powerful {GUIs} in {ISOBUS} networks by transparent data compression},
	volume = {36},
	issn = {0920-5489},
	url = {https://www.sciencedirect.com/science/article/pii/S0920548914000269},
	doi = {10.1016/j.csi.2014.01.007},
	number = {5},
	journal = {Computer Standards \& Interfaces},
	author = {Iglesias, Natalia and Bulacio, Pilar and Tapia, Elizabeth},
	month = sep,
	year = {2014},
	pages = {801--807},
}

@inproceedings{schlingmann_challenges_2017,
	title = {Challenges of digital revolution – {How} the {AEF} plans to manage interoperability},
	volume = {2300},
	isbn = {978-3-18-102300-6},
	doi = {10.51202/9783181023006-477},
	booktitle = {{LAND}.{TECHNIK} {AgEng} 2017},
	publisher = {VDI Verlag},
	author = {Schlingmann, N. and Schallermayer, H. and Witte, J. and Gossard, C.},
	year = {2017},
	pages = {477--484},
}

@inproceedings{klingler_agriculture_2018,
	address = {Lisbon, Portugal},
	title = {Agriculture meets {IEEE} 802.11p: {A} {Feasibility} {Study}},
	doi = {10.1109/ISWCS.2018.8491239},
	booktitle = {2018 15th {International} {Symposium} on {Wireless} {Communication} {Systems} ({ISWCS})},
	publisher = {IEEE},
	author = {Klingler, Florian and Blobel, Johannes and Dressler, Falko},
	month = aug,
	year = {2018},
	file = {Klingler et al_2018_Agriculture meets IEEE 802.pdf:/home/karlo/Zotero/storage/2N4AF3R7/Klingler et al_2018_Agriculture meets IEEE 802.pdf:application/pdf},
}

@inproceedings{schlingmann_aef_2019,
	address = {Boston, USA},
	title = {{AEF} - {Providing} electronic communication to the {Ag} sector for {Wireless} {In} - {Field} {Communication}},
	doi = {10.13031/aim.201901864},
	booktitle = {2019 {ASABE} {Annual} {International} {Meeting}},
	publisher = {American Society of Agricultural and Biological Engineers},
	author = {Schlingmann, N. and Benishek, M.},
	month = jul,
	year = {2019},
}

@inproceedings{zhang_method_2009,
	address = {Pune, India},
	title = {Method for an electronic controlled platooning system of agricultural vehicles},
	isbn = {978-1-4244-5441-9},
	doi = {10.1109/ICVES.2009.5400187},
	booktitle = {2009 {IEEE} {International} {Conference} on {Vehicular} {Electronics} and {Safety} ({ICVES})},
	publisher = {IEEE},
	author = {Zhang, X. and Geimer, M. and Grandl, L. and Kammerbauer, B.},
	month = nov,
	year = {2009},
	keywords = {Agricultural machinery, Autonomous agricultural vehicle, Control systems, Global Positioning System, Inter-Vehicle-Communication, Mobile robots, Modems, Motion control, Navigation, Navigation and control, Remotely operated vehicles, Turning, Vehicle safety, Vehicular Safety},
	pages = {156--161},
	file = {IEEE Xplore Abstract Record:/home/karlo/Zotero/storage/8JY6EG23/5400187.html:text/html;Zhang et al_2009_Method for an electronic controlled platooning system of agricultural vehicles.pdf:/home/karlo/Zotero/storage/5Q2JUZPE/Zhang et al_2009_Method for an electronic controlled platooning system of agricultural vehicles.pdf:application/pdf},
}

@techreport{smolnik_5g_2020,
	address = {Dissen ,  Germany},
	title = {{5G} {NetMobil} - {5G} {Lösungen} für die vernetzte {Mobilität} der {Zukunft} : {Schlussbericht} : {Teilvorhaben}: "{Entwicklung} eines {Parallelen} {Platooning} {Systems} für den {Bereich} der {Landtechnik} unter {Verwendung} von {5G} {Technologien}" - {Schlussbericht}},
	shorttitle = {{5G} {NetMobil} - {5G} {Lösungen} für die vernetzte {Mobilität} der {Zukunft}},
	institution = {Claas E-Systems GmbH},
	author = {Smolnik, Ivan and Lücke, Andreas},
	year = {2020},
	doi = {10.2314/KXP:1757666915},
	pages = {47},
	file = {Search - Technische Informationsbibliothek (TIB):/home/karlo/Zotero/storage/QAIL3Y2C/search.html:text/html;Smolnik et al_2020_5G NetMobil - 5G Lösungen für die vernetzte Mobilität der Zukunft.pdf:/home/karlo/Zotero/storage/YU8BDIQ8/Smolnik et al_2020_5G NetMobil - 5G Lösungen für die vernetzte Mobilität der Zukunft.pdf:application/pdf},
}

@book{achilles_faustzahlen_2018,
	address = {Darmstadt, Germany},
	edition = {15},
	title = {Faustzahlen für die {Landwirtschaft}},
	isbn = {978-3-945088-59-3},
	url = {https://www.ktbl.de/shop/produktkatalog/19523},
	urldate = {2023-01-04},
	publisher = {Kuratorium für Technik und Bauwesen in der Landwirtschaft e.V. (KTBL)},
	author = {Achilles, Werner and Anter, Jano and Belau, Till and Blankenburg, Joachim and Böckelmann, Markus and Bruhn, Kathrin and Brunotte, Joachim and Büscher, Wolfgang and Cremer, Peter and Dierend, Werner and Dorfner, Gerhard and Drews, Hartmuth and Eckel, Henning and Eurich-Menden, Brigitte and Feller, Carmen and Freitag, Mechthild and Fricke, Ekkehard and Fritzsche, Stephan and Fröba, Norbert and Gaio, Christina and Gauly, Matthias and Görgens, Matthias and Grebe, Sven and Grimm, Ewald and Grube, Jens and Hackeschmidt, Andreas and Hardeweg, Bernd and Harms, Jan and Harms, Emanuel and Hartmann, Wilfried and Hartmann, Hans and Hartmann, Stefan and Hauptmann, Astrid and Heim, Martin and Heinrich, B and Hiller, P and Hofmann, Martina and Horlacher, Dieter and Horn, Dietmar and Huesmann, Kathrin and Huth, Claudia and Kaupenjohann, Martin and Kleber, Jürgen and Klöbe, U and Kloepfer, Florian and Lang, C and Laser, Harald and Lorenz, F and Maidl, Franz Xaver and Mayer, N and Meyer, B and Olfs, Hans-Werner and Paterson, M and Portner, Johann and Prott, Stefan and Reichardt, Isolde and Reinhold, S and Sauer, N and Schacht, H and Schroers, Jan Ole and Schultheiß, Ute and Schütze, Sabine and Schwär, W and Steinmetz, Anne-Katrin and Thaysen, Johannes and Vaupel, Martin and Wesselmann, G and Wirth, Bernd and Wodsak, Hans-Peter and Wolf, P and Wulf, Seb and Zahner, Johannes and Zinkernagel, Jana},
	year = {2018},
	file = {KTBL.de\: Faustzahlen für die Landwirtschaft | 978-3-945088-59-3 | KTBL:/home/karlo/Zotero/storage/HQKSK4LJ/19523.html:text/html},
}

@inproceedings{thomasson_review_2018,
	title = {A review of the state of the art in agricultural automation. {Part} {II}: {On}-farm agricultural communications and connectivity},
	location = {Detroit, USA},
	doi = {10.13031/aim.201801590},
	booktitle = {2018 {ASABE} {Annual} {International} {Meeting}},
	publisher = {American Society of Agricultural and Biological Engineers (ASABE)},
	author = {Thomasson, J. Alex and Baillie, Craig P. and Antille, Diogenes L. and McCarthy, Cheryl L. and Lobsey, Craig R.},
	year = {2018},
	note = {Paper No.: 1801590},
}

@article{liu_automation_2022,
	series = {10th {IFAC} {Symposium} on {Advances} in {Automotive} {Control} {AAC} 2022},
	title = {Automation of {Agricultural} {Grain} {Unloading}-on-the-go},
	volume = {55},
	issn = {2405-8963},
	url = {https://www.sciencedirect.com/science/article/pii/S2405896322023242},
	doi = {10.1016/j.ifacol.2022.10.292},
	number = {24},
	urldate = {2023-02-05},
	journal = {IFAC-PapersOnLine},
	author = {Liu, Ziping and Dhamankar, Shveta and Evans, John T. and Allen, Cody M. and Jiang, Chufan and Shaver, Gregory M. and Etienne, Aaron and Vyn, Tony J. and Puryk, Corwin M. and McDonald, Brandon M.},
	month = aug,
	year = {2022},
	pages = {248--253},
}

@patent{metzler_system_2006,
	title = {System for determining the relative position of a second farm vehicle in relation to a first farm vehicle},
	url = {https://worldwide.espacenet.com/publicationDetails/biblio?FT=D&date=20060420&DB=&locale=en_EP&CC=DE&NR=102004039460B3&KC=B3&ND=1},
	assignee = {Deere \& Company},
	holder = {DEERE & Company},
	number = {DE20041039460 20040814},
	urldate = {2023-02-05},
	type = {patentde},
	author = {Metzler, Patrick and Flohr, Werner and Hoeh, Michael},
	month = apr,
	year = {2006},
}

@inproceedings{ali_multi-agent_2010,
	address = {Toronto, Canada},
	title = {Multi-agent coordination and control system for multi-vehicle agricultural operations},
	volume = {1},
	booktitle = {9th {Int}. {Conf}. on {Autonomous} {Agents} and {Multiagent} {Systems} ({AAMAS} 2010)},
	publisher = {International Foundation for Autonomous Agents and Multiagent Systems (IFAAMAS)},
	author = {Ali, Osman and Saint Germain, Bart and Van Belle, Jan and Valckenaers, Paul and Van Brussel, Hendrik and Van Noten, Johan},
	month = may,
	year = {2010},
	pages = {1621--1622},
}

@inproceedings{lautenschlaeger_beyond_2022,
	address = {Oppdal, Norway},
	title = {Beyond {Sensing}: {Suitability} of {LoRa} for {Meshed} {Automatic} {Section} {Control} of {Agricultural} {Vehicles}},
	isbn = {978-3-903176-46-1},
	shorttitle = {Beyond {Sensing}},
	doi = {10.23919/WONS54113.2022.9764458},
	booktitle = {2022 17th {Wireless} {On}-{Demand} {Network} {Systems} and {Services} {Conference} ({WONS})},
	publisher = {IEEE},
	author = {Lautenschlaeger, Karl and Sommer, Christoph},
	month = mar,
	year = {2022},
	keywords = {Turning, Wireless communication, Sensors, Computer simulation, Connected vehicles, Data collection, Wireless sensor networks},
	pages = {1--4},
	file = {IEEE Xplore Abstract Record:/home/karlo/Zotero/storage/PLTKIHMK/9764458.html:text/html;Lautenschlaeger_Sommer_2022_Beyond Sensing.pdf:/home/karlo/Zotero/storage/G7EVDHPA/Lautenschlaeger_Sommer_2022_Beyond Sensing.pdf:application/pdf},
}

@article{ahmed_internet_2018,
	title = {Internet of Things (IoT) for Smart Precision Agriculture and Farming in Rural Areas},
	volume = {5},
	issn = {2327-4662},
	doi = {10.1109/JIOT.2018.2879579},
	number = {6},
	journal = {IEEE Internet of Things Journal},
	author = {Ahmed, Nurzaman and De, Debashis and Hussain, Iftekhar},
	month = nov,
	year = {2018},
	pages = {4890--4899},
	note = {ISSN: 2327-4662},
}

@inproceedings{brinkhoff_characterization_2017,
	address = {Perth,  Australia},
	title = {Characterization of {WiFi} signal range for agricultural {WSNs}},
	isbn = {978-1-74052-390-5},
	doi = {10.23919/APCC.2017.8304043},
	booktitle = {2017 23rd {Asia}-{Pacific} {Conference} on {Communications} ({APCC})},
	publisher = {IEEE},
	author = {Brinkhoff, James and Hornbuckle, John},
	month = dec,
	year = {2017},
	keywords = {Wireless fidelity, Cotton, Meteorology, Temperature measurement, Temperature sensors},
	pages = {1--6},
	file = {Brinkhoff_Hornbuckle_2017_Characterization of WiFi signal range for agricultural WSNs.pdf:/home/karlo/Zotero/storage/IBERR8E2/Brinkhoff_Hornbuckle_2017_Characterization of WiFi signal range for agricultural WSNs.pdf:application/pdf;IEEE Xplore Abstract Record:/home/karlo/Zotero/storage/RLXAFDXL/stamp.html:text/html},
}

@article{franchi_significance_2021,
	title = {The significance of the {Tactile} {Internet} and {5G} for digital agriculture},
	volume = {69},
	issn = {2196-677X},
	url = {https://www.degruyter.com/document/doi/10.1515/auto-2020-0130/html?lang=en},
	doi = {10.1515/auto-2020-0130},
	number = {4},
	urldate = {2023-03-07},
	journal = {at - Automatisierungstechnik},
	author = {Franchi, Norman and Fettweis, Gerhard P. and Herlitzius, Thomas},
	month = apr,
	year = {2021},
	note = {Publisher: De Gruyter Oldenburg},
	keywords = {5G, Smart Farming, Tactile Internet},
	pages = {281--286},
	file = {Franchi et al_2021_The significance of the Tactile Internet and 5G for digital agriculture.pdf:/home/karlo/Zotero/storage/FVAMLEPS/Franchi et al_2021_The significance of the Tactile Internet and 5G for digital agriculture.pdf:application/pdf},
}

@inproceedings{hecker_private_2022,
	title = {Private mobile ad hoc communications and the application in {LANDNETZ}},
	isbn = {978-3-18-092395-6 978-3-18-102395-2},
	url = {https://elibrary.vdi-verlag.de/10.51202/9783181023952/land-technik-2022?page=1},
	doi = {10.51202/9783181023952-251},
	urldate = {2023-03-08},
	publisher = {VDI Verlag},
	author = {Hecker, Andreas and Striller, Benjamin and Franchi, Norman},
	month = feb,
	year = {2022},
	pages = {251 --258},
}

@inproceedings{krause_network_2021,
	title = {Network Planning and Coverage Optimization for Mobile Campus Networks},
	doi = {10.1109/5GWF52925.2021.00060},
	booktitle = {2021 IEEE 4th 5G World Forum (5GWF)},
	author = {Krause, Anton and Anwar, Waqar and Martinez, Ana-Belen and Stachorra, Dirk and Fettweis, Gerhard and Franchi, Norman},
	month = oct,
	publisher = {IEEE},
	year = {2021},
	pages = {305--310},
}


@inproceedings{hecker_aspects_2022,
	address = {Hannover, Germany},
	title = {Aspects on {Applying} and {Operating} {Campus} {Networks} in {Agriculture}},
	doi = {https://doi.org/10.51202/9783181024065},
	publisher = {VDI Verlag},
	author = {Hecker, Andreas and Striller, Benjamin and Boye, F and Franchi, Norman and Freytag, H},
	month = feb,
	year = {2022},
	pages = {411--418},
}
